@misc{fosc,
    author = {Thomas P. Jakobsen and Jesper Buus Nielsen and Claudio Orlandi},
    title = {A Framework for Outsourcing of Secure Computation },
    howpublished = {Cryptology ePrint Archive, Report 2016/037},
    year = {2016},
    note = {\url{http://eprint.iacr.org/2016/037}},
}